<?xml version="1.0" encoding="UTF-8"?><record xmlns="http://www.loc.gov/MARC21/slim" xmlns:cinclude="http://apache.org/cocoon/include/1.0" xmlns:zs="http://www.loc.gov/zing/srw/">
  <leader>00496cz  a2200133n  4500</leader>
  <controlfield tag="001">n  86094776 </controlfield>
  <controlfield tag="003">DLC</controlfield>
  <controlfield tag="005">20080317075307.0</controlfield>
  <controlfield tag="008">870407n| acannaabn          |n aaa      </controlfield>
  <datafield tag="010" ind1=" " ind2=" ">
    <subfield code="a">n  86094776 </subfield>
  </datafield>
  <datafield tag="035" ind1=" " ind2=" ">
    <subfield code="a">(OCoLC)oca01827270</subfield>
  </datafield>
  <datafield tag="040" ind1=" " ind2=" ">
    <subfield code="a">DLC</subfield>
    <subfield code="b">eng</subfield>
    <subfield code="c">DLC</subfield>
    <subfield code="d">DLC</subfield>
    <subfield code="d">OCoLC</subfield>
  </datafield>
  <datafield tag="100" ind1="1" ind2=" ">
    <subfield code="a">Jastrzębowski, Wojciech Bogumił,</subfield>
    <subfield code="d">1799-1882</subfield>
  </datafield>
  <datafield tag="670" ind1=" " ind2=" ">
    <subfield code="a">His Traktat o wiecznym przymierzu między narodami ucywilizowanymi, 1985:</subfield>
    <subfield code="b">t.p. (Wojciech Bogumił Jastrzębowski) p. 229 (b. 4-15-1799) p. 240 (d. 12-30-1882)</subfield>
  </datafield>
</record>